<?xml version="1.0" encoding="UTF-8"?>
<record xmlns="http://www.loc.gov/MARC21/slim">
  <leader>15797cam a2202233 a 4500</leader>
  <controlfield tag="001">shsscience142489albe</controlfield>
  <controlfield tag="003">CaSfIA</controlfield>
  <controlfield tag="005">20151008010651.0</controlfield>
  <controlfield tag="007">cr||||||||||||</controlfield>
  <controlfield tag="008">870817s1978    abc    f     s      eng c</controlfield>
  <datafield tag="035" ind1=" " ind2=" ">
    <subfield code="a">ocm70495021</subfield>
  </datafield>
  <datafield tag="040" ind1=" " ind2=" ">
    <subfield code="b">eng</subfield>
    <subfield code="d">CaSfIA</subfield>
  </datafield>
  <datafield tag="043" ind1=" " ind2=" ">
    <subfield code="a">n-cn-ab</subfield>
  </datafield>
  <datafield tag="049" ind1=" " ind2=" ">
    <subfield code="a">AEU</subfield>
    <subfield code="b">eng</subfield>
  </datafield>
  <datafield tag="055" ind1=" " ind2="3">
    <subfield code="a">LB 1629.5 A3</subfield>
    <subfield code="b">A35 1978 gr.10-12</subfield>
  </datafield>
  <datafield tag="090" ind1="1" ind2=" ">
    <subfield code="a">LB 1629.5 A3 A35 1978 gr.10-12</subfield>
  </datafield>
  <datafield tag="090" ind1="0" ind2=" ">
    <subfield code="a">GOV DOC CA2 AL ED 78P67</subfield>
    <subfield code="b">DO</subfield>
  </datafield>
  <datafield tag="090" ind1="1" ind2=" ">
    <subfield code="a">LB/1629.5/A333p/SH/1978</subfield>
    <subfield code="b">DOC</subfield>
    <subfield code="m">AE 1978 0003</subfield>
  </datafield>
  <datafield tag="090" ind1="1" ind2=" ">
    <subfield code="a">LB/1629.5/A333p/SH/1978</subfield>
    <subfield code="b">LAB</subfield>
  </datafield>
  <datafield tag="245" ind1="0" ind2="0">
    <subfield code="a">Program of studies for senior high schools.</subfield>
    <subfield code="h">[electronic resource] </subfield>
  </datafield>
  <datafield tag="260" ind1="0" ind2=" ">
    <subfield code="a">[Edmonton, Alta.] :</subfield>
    <subfield code="b">Alberta Education,</subfield>
    <subfield code="c">1978.</subfield>
  </datafield>
  <datafield tag="300" ind1=" " ind2=" ">
    <subfield code="a">1 v. (various pagings) ;</subfield>
    <subfield code="c">28 cm.</subfield>
  </datafield>
  <datafield tag="490" ind1="1" ind2=" ">
    <subfield code="a">[Alberta curriculum guides]</subfield>
  </datafield>
  <datafield tag="500" ind1=" " ind2=" ">
    <subfield code="a">Updated by amendments and additions. Additions are issued with individual titles. Prior to 1988 additions were issued annually and included all subjects. Since 1988 additions are issued more frequently and are subject specific.</subfield>
  </datafield>
  <datafield tag="590" ind1=" " ind2=" ">
    <subfield code="a">Also available on microfiche.</subfield>
  </datafield>
  <datafield tag="590" ind1=" " ind2=" ">
    <subfield code="a">After 1987 additions are added with designations to reflect their subject content.</subfield>
  </datafield>
  <datafield tag="596" ind1=" " ind2=" ">
    <subfield code="a">2 38 41</subfield>
  </datafield>
  <datafield tag="597" ind1=" " ind2=" ">
    <subfield code="a">1:LB 1629.5 A3 A35 1978 gr.10-12 amend. 1979</subfield>
    <subfield code="a">2:LB 1629.5 A3 A35 1978 gr.10-12 amend. 1980</subfield>
    <subfield code="a">3:LB 1629.5 A3 A35 1978 gr.10-12 amend. 1981</subfield>
    <subfield code="a">4:LB 1629.5 A3 A35 1978 gr.10-12 amend. 1982</subfield>
    <subfield code="a">5:LB 1629.5 A3 A35 1978 gr.10-12 amend. 1983</subfield>
    <subfield code="a">6:LB 1629.5 A3 A35 1978 gr.10-12 amend. 1984</subfield>
    <subfield code="a">7:LB 1629.5 A3 A35 1978 gr.10-12 amend. 1985</subfield>
    <subfield code="a">8:LB 1629.5 A3 A35 1978 gr.10-12 amend. 1986</subfield>
    <subfield code="a">9:LB 1629.5 A3 A35 1978 gr.10-12 amend. 1979</subfield>
    <subfield code="a">10:LB 1629.5 A3 A35 1978 gr.10-12 amend. 1980</subfield>
    <subfield code="a">11:LB 1629.5 A3 A35 1978 gr.10-12 amend. 1981</subfield>
    <subfield code="a">12:LB 1629.5 A3 A35 1978 gr.10-12 amend. 1982</subfield>
    <subfield code="a">13:LB 1629.5 A3 A35 1978 gr.10-12 amend. 1983</subfield>
    <subfield code="a">14:LB 1629.5 A3 A35 1978 gr.10-12 amend. 1984</subfield>
    <subfield code="a">15:LB 1629.5 A3 A35 1978 gr.10-12 amend. 1985</subfield>
    <subfield code="a">16:LB 1629.5 A3 A35 1978 gr.10-12 amend. 1986</subfield>
    <subfield code="a">18:LB 1629.5 A3 A35 1978 gr.10-12 add.chem. 1988</subfield>
    <subfield code="a">19:LB 1629.5 A3 A35 1978 gr.10-12 add.chem. 1988</subfield>
    <subfield code="a">20:LB 1629.5 A3 A35 1978 gr.10-12 add.bio. 1988</subfield>
    <subfield code="a">21:LB 1629.5 A3 A35 1978 gr.10-12 add.bio. 1988</subfield>
    <subfield code="a">22:LB 1629.5 A3 A35 1978 gr.10-12 add.phy. 1988</subfield>
    <subfield code="a">23:LB 1629.5 A3 A35 1978 gr.10-12 add.phy. 1988</subfield>
    <subfield code="a">24:LB 1629.5 A3 A35 1978 gr.10-12 add.sc.2 1988</subfield>
    <subfield code="a">25:LB 1629.5 A3 A35 1978 gr.10-12 add.sc.2 1988</subfield>
    <subfield code="a">26:LB 1629.5 A3 A35 1978 gr.10-12 amend. 1987</subfield>
    <subfield code="a">27:LB 1629.5 A3 A35 1978 gr.10-12 amend. 1987</subfield>
    <subfield code="a">28:LB 1629.5 A3 A35 1978 gr.10-12 add.sc.01 1989</subfield>
    <subfield code="a">29:LB 1629.5 A3 A35 1978 gr.10-12 add.sc.01 1989</subfield>
    <subfield code="a">30:LB 1629.5 A3 A35 1978 gr.10-12 add.ma.10 1989</subfield>
    <subfield code="a">31:LB 1629.5 A3 A35 1978 gr.10-12 add.ma.10 1989</subfield>
    <subfield code="a">32:LB 1629.5 A3 A35 1978 gr.10-12 add.ma.13 1989</subfield>
    <subfield code="a">33:LB 1629.5 A3 A35 1978 gr.10-12 add.ma.13 1989</subfield>
    <subfield code="a">34:LB 1629.5 A3 A35 1978 gr.10-12 add.ma.14 1989</subfield>
    <subfield code="a">35:LB 1629.5 A3 A35 1978 gr.10-12 add.ma.14 1989</subfield>
    <subfield code="a">36:LB 1629.5 A3 A35 1978 gr.10-12 add. soc.02 1988</subfield>
    <subfield code="a">37:LB 1629.5 A3 A35 1978 gr.10-12 add. soc.02 1988</subfield>
    <subfield code="a">38:LB 1629.5 A3 A35 1978 gr.10-12 add. soc.02 1989</subfield>
    <subfield code="a">39:LB 1629.5 A3 A35 1978 gr.10-12 add. soc.02 1989</subfield>
    <subfield code="a">40:LB 1629.5 A3 A35 1978 gr.10-12 add. soc.03 1989</subfield>
    <subfield code="a">41:LB 1629.5 A3 A35 1978 gr.10-12 add. soc.03 1989</subfield>
    <subfield code="a">42:LB 1629.5 A3 A35 1978 gr.10-12 add.car. 1988</subfield>
    <subfield code="a">43:LB 1629.5 A3 A35 1978 gr.10-12 add.car. 1988</subfield>
    <subfield code="a">44:LB 1629.5 A3 A35 1978 gr.10-12 add.sc.2 1988</subfield>
    <subfield code="a">45:LB 1629.5 A3 A35 1978 gr.10-12 add.soc. 1990</subfield>
    <subfield code="a">46:LB 1629.5 A3 A35 1978 gr.10-12 add.soc. 1990</subfield>
    <subfield code="a">47:LB 1629.5 A3 A35 1978 gr.10-12 add. ma.14-24 1990</subfield>
    <subfield code="a">48:LB 1629.5 A3 A35 1978 gr.10-12 add. ma.14-24 1990</subfield>
    <subfield code="a">49:LB 1629.5 A3 A35 1978 gr.10-12 add.ma.20 1990</subfield>
    <subfield code="a">50:LB 1629.5 A3 A35 1978 gr.10-12 add.ma.20 1990</subfield>
    <subfield code="a">51:LB 1629.5 A3 A35 1978 gr.10-12 add.ma.23 1990</subfield>
    <subfield code="a">52:LB 1629.5 A3 A35 1978 gr.10-12 add.ma.23 1990</subfield>
    <subfield code="a">53:LB 1629.5 A3 A35 1978 gr.10-12 add.soc. 13-23-33 1990</subfield>
    <subfield code="a">54:LB 1629.5 A3 A35 1978 gr.10-12 add.soc. 13-23-33 1990</subfield>
    <subfield code="a">56:LB 1629.5 A3 A35 1978 gr.10-12 add.dra. 1988</subfield>
    <subfield code="a">57:LB 1629.5 A3 A35 1978 gr.10-12 add.dra. 1988</subfield>
    <subfield code="a">58:LB 1629.5 A3 A35 1978 gr.10-12 add.art31 1986</subfield>
    <subfield code="a">59:LB 1629.5 A3 A35 1978 gr.10-12 add.art31 1986</subfield>
    <subfield code="a">60:LB 1629.5 A3 A35 1978 gr.10-12 add.phy. 20-30 1990</subfield>
    <subfield code="a">61:LB 1629.5 A3 A35 1978 gr.10-12 add.phy. 20-30 1990</subfield>
    <subfield code="a">62:LB 1629.5 A3 A35 1978 gr.10-12 add.chem. 20-30 1990</subfield>
    <subfield code="a">63:LB 1629.5 A3 A35 1978 gr.10-12 add.chem. 20-30 1990</subfield>
    <subfield code="a">64:LB 1629.5 A3 A35 1978 gr.10-12 add.bio. 20-30 1990</subfield>
    <subfield code="a">65:LB 1629.5 A3 A35 1978 gr.10-12 add.bio. 20-30 1990</subfield>
    <subfield code="a">66:LB 1629.5 A3 A35 1978 gr.10-12 add.sc. 20-30 1990</subfield>
    <subfield code="a">67:LB 1629.5 A3 A35 1978 gr.10-12 add.sc. 20-30 1990</subfield>
    <subfield code="a">68:LB 1629.5 A3 A35 1978 gr.10-12 add.sc.10 1990</subfield>
    <subfield code="a">69:LB 1629.5 A3 A35 1978 gr.10-12 add.sc.10 1990</subfield>
    <subfield code="a">70:LB 1629.5 A3 A35 1978 gr.10-12 suppl.sci 1990</subfield>
    <subfield code="a">71:LB 1629.5 A3 A35 1978 gr.10-12 suppl.sci 1990</subfield>
    <subfield code="a">72:LB 1629.5 A3 A35 1978 gr.10-12 suppl. 1990</subfield>
    <subfield code="a">73:LB 1629.5 A3 A35 1978 gr.10-12 suppl. 1990</subfield>
  </datafield>
  <datafield tag="650" ind1=" " ind2="4">
    <subfield code="a">Education, Secondary</subfield>
    <subfield code="x">Outlines, syllabi, etc.</subfield>
    <subfield code="z">Alberta.</subfield>
  </datafield>
  <datafield tag="650" ind1=" " ind2="0">
    <subfield code="a">Education</subfield>
    <subfield code="z">Alberta</subfield>
    <subfield code="x">Curricula.</subfield>
  </datafield>
  <datafield tag="710" ind1="1" ind2="0">
    <subfield code="a">Alberta.</subfield>
    <subfield code="b">Alberta Education.</subfield>
  </datafield>
  <datafield tag="830" ind1=" " ind2="0">
    <subfield code="a">Alberta curriculum guides.</subfield>
  </datafield>
  <datafield tag="856" ind1="4" ind2="1">
    <subfield code="u">http://archive.org/details/shsscience142489albe</subfield>
    <subfield code="z">Free eBook from the Internet Archive</subfield>
  </datafield>
  <datafield tag="039" ind1="0" ind2=" ">
    <subfield code="f">kjw</subfield>
  </datafield>
</record>
